[gd_resource type="Theme" load_steps=12 format=3 uid="uid://dn1vf27fgbqcf"]

[ext_resource type="Texture2D" uid="uid://b6tfweysf4he0" path="res://assets/textures/card_illustrations/bilhetinho.png" id="1_axyyx"]
[ext_resource type="FontFile" uid="uid://cpqfrex0icx3s" path="res://assets/fonts/Pulang.ttf" id="2_j1huf"]
[ext_resource type="Texture2D" uid="uid://dlkyh52jafef6" path="res://assets/textures/ui/nine_patch_descontrair.png" id="3_7d1ik"]
[ext_resource type="FontFile" uid="uid://3nf7hnlxabtj" path="res://assets/fonts/FuturaHandwritten.ttf" id="4_6cjxs"]

[sub_resource type="StyleBoxFlat" id="StyleBoxFlat_jce62"]
content_margin_bottom = 5.0
bg_color = Color(0.909804, 0.662745, 0.407843, 1)
corner_radius_bottom_right = 3
corner_radius_bottom_left = 3

[sub_resource type="StyleBoxFlat" id="StyleBoxFlat_xfub6"]
bg_color = Color(1, 0.8, 0.592157, 1)
corner_radius_top_left = 10
corner_radius_top_right = 10
corner_radius_bottom_right = 10
corner_radius_bottom_left = 10

[sub_resource type="StyleBoxTexture" id="StyleBoxTexture_8uq2r"]
texture = ExtResource("1_axyyx")

[sub_resource type="StyleBoxEmpty" id="StyleBoxEmpty_rrwwl"]

[sub_resource type="StyleBoxTexture" id="StyleBoxTexture_65m26"]
texture = ExtResource("3_7d1ik")

[sub_resource type="StyleBoxFlat" id="StyleBoxFlat_ad2xs"]
content_margin_left = 4.0
content_margin_top = 4.0
content_margin_right = 4.0
content_margin_bottom = 4.0
bg_color = Color(1, 1, 1, 0.75)
draw_center = false
border_width_left = 2
border_width_top = 2
border_width_right = 2
border_width_bottom = 2
corner_radius_top_left = 3
corner_radius_top_right = 3
corner_radius_bottom_right = 3
corner_radius_bottom_left = 3
corner_detail = 5
expand_margin_left = 2.0
expand_margin_top = 2.0
expand_margin_right = 2.0
expand_margin_bottom = 2.0

[sub_resource type="StyleBoxEmpty" id="StyleBoxEmpty_vjloc"]
content_margin_left = 0.0
content_margin_top = 0.0
content_margin_right = 0.0
content_margin_bottom = 0.0

[resource]
default_font = ExtResource("4_6cjxs")
ClassPanel/base_type = &"Panel"
ClassPanel/styles/panel = SubResource("StyleBoxFlat_jce62")
CostPanel/base_type = &"Panel"
CostPanel/styles/panel = SubResource("StyleBoxFlat_xfub6")
HBoxContainer/constants/separation = 8
HSeparator/constants/separation = 20
HSeparator/styles/separator = null
IllustrationPanel/base_type = &"Panel"
IllustrationPanel/styles/panel = SubResource("StyleBoxTexture_8uq2r")
Label/colors/font_color = Color(0.862745, 0.615686, 0.341176, 1)
Label/colors/font_outline_color = Color(1, 1, 1, 1)
Label/colors/font_shadow_color = Color(0, 0, 0, 0)
Label/constants/line_spacing = 0
Label/constants/outline_size = 0
Label/constants/shadow_offset_x = 1
Label/constants/shadow_offset_y = 1
Label/constants/shadow_outline_size = 1
Label/font_sizes/font_size = 30
Label/fonts/font = ExtResource("2_j1huf")
Label/styles/normal = SubResource("StyleBoxEmpty_rrwwl")
MarginContainer/constants/margin_bottom = 25
MarginContainer/constants/margin_left = 25
MarginContainer/constants/margin_right = 25
MarginContainer/constants/margin_top = 20
Panel/styles/panel = SubResource("StyleBoxTexture_65m26")
RichTextLabel/colors/default_color = Color(0.678431, 0.462745, 0.211765, 1)
RichTextLabel/colors/font_outline_color = Color(0.862745, 0.615686, 0.341176, 1)
RichTextLabel/colors/font_selected_color = Color(0, 0, 0, 0)
RichTextLabel/colors/font_shadow_color = Color(0, 0, 0, 0)
RichTextLabel/colors/selection_color = Color(0.1, 0.1, 1, 0.8)
RichTextLabel/colors/table_border = Color(0, 0, 0, 0)
RichTextLabel/colors/table_even_row_bg = Color(0, 0, 0, 0)
RichTextLabel/colors/table_odd_row_bg = Color(0, 0, 0, 0)
RichTextLabel/constants/line_separation = 2
RichTextLabel/constants/outline_size = 2
RichTextLabel/constants/shadow_offset_x = 1
RichTextLabel/constants/shadow_offset_y = 1
RichTextLabel/constants/shadow_outline_size = 3
RichTextLabel/constants/table_h_separation = 3
RichTextLabel/constants/table_v_separation = 3
RichTextLabel/constants/text_highlight_h_padding = 3
RichTextLabel/constants/text_highlight_v_padding = 3
RichTextLabel/font_sizes/bold_font_size = 24
RichTextLabel/font_sizes/bold_italics_font_size = 24
RichTextLabel/font_sizes/italics_font_size = 24
RichTextLabel/font_sizes/mono_font_size = 24
RichTextLabel/font_sizes/normal_font_size = 24
RichTextLabel/styles/focus = SubResource("StyleBoxFlat_ad2xs")
RichTextLabel/styles/normal = SubResource("StyleBoxEmpty_vjloc")
VBoxContainer/constants/separation = 12
