[gd_scene load_steps=10 format=3 uid="uid://bq8lt4jef0ecq"]

[ext_resource type="Script" path="res://src/deckbuilder/card/start_card.gd" id="1_bgukd"]
[ext_resource type="PackedScene" uid="uid://1le3jom5sjgn" path="res://src/deckbuilder/card/base_card.tscn" id="1_evd05"]
[ext_resource type="Theme" uid="uid://brp44ecm0yay6" path="res://assets/themes/card_acolher.tres" id="3_pi4ay"]
[ext_resource type="Texture2D" uid="uid://b73aa4s18lxv3" path="res://assets/textures/ui/intimidade_icon.png" id="4_x5tex"]

[sub_resource type="StyleBoxFlat" id="StyleBoxFlat_v3lua"]
bg_color = Color(1, 0.67451, 0.937255, 1)
border_color = Color(1, 1, 1, 1)

[sub_resource type="Animation" id="Animation_yj7pc"]
length = 0.001
tracks/0/type = "value"
tracks/0/imported = false
tracks/0/enabled = true
tracks/0/path = NodePath("Template:scale")
tracks/0/interp = 1
tracks/0/loop_wrap = true
tracks/0/keys = {
"times": PackedFloat32Array(0),
"transitions": PackedFloat32Array(1),
"update": 0,
"values": [Vector2(0.5, 0.5)]
}

[sub_resource type="Animation" id="Animation_8mxdc"]
resource_name = "card_flip"
tracks/0/type = "value"
tracks/0/imported = false
tracks/0/enabled = true
tracks/0/path = NodePath("Template:scale")
tracks/0/interp = 2
tracks/0/loop_wrap = true
tracks/0/keys = {
"times": PackedFloat32Array(0.1, 0.146518, 0.3, 0.437228, 0.5),
"transitions": PackedFloat32Array(1, 1, 1, 1, 1),
"update": 0,
"values": [Vector2(0.5, 0.5), Vector2(0.5, 0.5), Vector2(0.05, 0.5), Vector2(0.5, 0.5), Vector2(0.5, 0.5)]
}

[sub_resource type="AnimationLibrary" id="AnimationLibrary_jaq10"]
_data = {
"RESET": SubResource("Animation_yj7pc"),
"card_flip": SubResource("Animation_8mxdc")
}

[sub_resource type="RectangleShape2D" id="RectangleShape2D_4sevq"]
size = Vector2(150, 240)

[node name="StartCard" groups=["cards"] instance=ExtResource("1_evd05")]
script = ExtResource("1_bgukd")

[node name="Template" parent="." index="0"]
offset_left = -150.0
offset_top = -195.0
offset_right = 150.0
offset_bottom = 285.0
scale = Vector2(0.5, 0.5)
pivot_offset = Vector2(150, 150)
mouse_filter = 2
metadata/_edit_lock_ = true

[node name="Back" parent="Template" index="0"]
layout_mode = 1
anchors_preset = 8
offset_left = -150.0
offset_top = -240.0
offset_right = 150.0
offset_bottom = 240.0
pivot_offset = Vector2(150, 150)
metadata/_edit_lock_ = true

[node name="Front" type="Panel" parent="Template" index="1"]
custom_minimum_size = Vector2(300, 480)
layout_mode = 1
anchors_preset = 8
anchor_left = 0.5
anchor_top = 0.5
anchor_right = 0.5
anchor_bottom = 0.5
offset_left = -150.0
offset_top = -240.0
offset_right = 150.0
offset_bottom = 240.0
grow_horizontal = 2
grow_vertical = 2
pivot_offset = Vector2(150, 150)
mouse_filter = 2
theme = ExtResource("3_pi4ay")
theme_override_styles/panel = SubResource("StyleBoxFlat_v3lua")
metadata/_edit_lock_ = true

[node name="VBoxContainer" type="VBoxContainer" parent="Template/Front" index="0"]
layout_mode = 1
anchors_preset = -1
anchor_left = 0.5
anchor_top = 0.5
anchor_right = 0.5
anchor_bottom = 0.5
offset_left = -119.0
offset_top = -150.0
offset_right = 119.0
offset_bottom = 140.0
grow_horizontal = 2
grow_vertical = 2
mouse_filter = 2

[node name="TextureRect2" type="TextureRect" parent="Template/Front/VBoxContainer" index="0"]
layout_mode = 2
size_flags_vertical = 3
mouse_filter = 2
texture = ExtResource("4_x5tex")
stretch_mode = 5

[node name="Control2" type="Control" parent="Template/Front/VBoxContainer" index="1"]
layout_mode = 2
mouse_filter = 2

[node name="Label" type="Label" parent="Template/Front/VBoxContainer" index="2"]
layout_mode = 2
size_flags_horizontal = 4
size_flags_vertical = 3
theme_override_colors/font_color = Color(0.996078, 0.32549, 0.768627, 1)
theme_override_constants/outline_size = 15
theme_override_font_sizes/font_size = 68
text = "Date
Start!"
horizontal_alignment = 1

[node name="Control" type="Control" parent="Template/Front/VBoxContainer" index="3"]
layout_mode = 2
mouse_filter = 2

[node name="TextureRect" type="TextureRect" parent="Template/Front/VBoxContainer" index="4"]
layout_mode = 2
size_flags_vertical = 3
mouse_filter = 2
texture = ExtResource("4_x5tex")
stretch_mode = 5

[node name="CardFlip" parent="Template" index="2"]
root_node = NodePath("../..")
libraries = {
"": SubResource("AnimationLibrary_jaq10")
}

[node name="Shape" parent="." index="1"]
shape = SubResource("RectangleShape2D_4sevq")
metadata/_edit_lock_ = true

[connection signal="input_event" from="." to="." method="_on_input_event"]
[connection signal="mouse_entered" from="." to="." method="_on_mouse_entered"]
[connection signal="mouse_exited" from="." to="." method="_on_mouse_exited"]
