[gd_scene load_steps=16 format=3 uid="uid://bk4xy2ve35170"]

[ext_resource type="Script" path="res://src/deckbuilder/rulebook/game_state.gd" id="1_04mgi"]
[ext_resource type="Script" path="res://src/deckbuilder/card_sets/main_set_definitions.gd" id="2_6g7u7"]
[ext_resource type="PackedScene" uid="uid://c7yaa43m7d5m6" path="res://src/deckbuilder/characters/date.tscn" id="2_7juih"]
[ext_resource type="Texture2D" uid="uid://d2flhlueaqji4" path="res://assets/textures/placeholder/placeholder_phone_frame.png" id="3_21o2g"]
[ext_resource type="PackedScene" uid="uid://jit4ygiwfooc" path="res://src/deckbuilder/characters/player.tscn" id="3_a2gc8"]
[ext_resource type="PackedScene" uid="uid://10vnlwhhxn2l" path="res://src/deckbuilder/card_containers/timeline.tscn" id="3_fbgy0"]
[ext_resource type="Texture2D" uid="uid://bdqsv2p7cff4r" path="res://assets/textures/placeholder/gus-temp3.png" id="4_ujlhl"]
[ext_resource type="PackedScene" uid="uid://dirpxp35qd7rk" path="res://src/deckbuilder/rulebook/core/core_rules.tscn" id="6_adw35"]
[ext_resource type="Script" path="res://src/deckbuilder/table/turn_manager.gd" id="8_0b64g"]
[ext_resource type="Shader" path="res://assets/shaders/tutorial_bg.gdshader" id="8_7myk0"]
[ext_resource type="PackedScene" uid="uid://ctowqhfwu2lfe" path="res://src/deckbuilder/rulebook/special/special_rules.tscn" id="8_n1qf1"]
[ext_resource type="Texture2D" uid="uid://2c6hsvwhsmqs" path="res://assets/textures/placeholder/tutorial_bg2.png" id="9_1im2y"]
[ext_resource type="Theme" uid="uid://brp44ecm0yay6" path="res://assets/themes/card_acolher.tres" id="9_r2slo"]
[ext_resource type="Script" path="res://src/ui/display_win_text.gd" id="12_ma6kq"]

[sub_resource type="ShaderMaterial" id="ShaderMaterial_vpwwe"]
shader = ExtResource("8_7myk0")

[node name="GameState" type="Node" node_paths=PackedStringArray("intimacy_level_label")]
script = ExtResource("1_04mgi")
card_set_file = ExtResource("2_6g7u7")
intimacy_level_label = NodePath("BG/IntimacyLevel")

[node name="Date" parent="." instance=ExtResource("2_7juih")]
unique_name_in_owner = true
position = Vector2(0, 300)

[node name="Player" parent="." instance=ExtResource("3_a2gc8")]
unique_name_in_owner = true
position = Vector2(0, 780)

[node name="Timeline" parent="." instance=ExtResource("3_fbgy0")]
unique_name_in_owner = true
position = Vector2(600, 530)

[node name="TurnManager" type="Node" parent="." node_paths=PackedStringArray("game_state", "player", "date") groups=["TurnManager"]]
unique_name_in_owner = true
script = ExtResource("8_0b64g")
game_state = NodePath("..")
player = NodePath("../Player")
date = NodePath("../Date")

[node name="Label" type="Label" parent="TurnManager"]
z_index = -1
anchors_preset = -1
anchor_right = 0.144271
anchor_bottom = 0.0194444
offset_left = 283.0
offset_top = 686.0
offset_right = 323.0
offset_bottom = 709.0
theme_override_colors/font_outline_color = Color(0, 0, 0, 1)
theme_override_constants/outline_size = 12
theme_override_font_sizes/font_size = 32
text = "teste"
horizontal_alignment = 1
vertical_alignment = 1
metadata/_edit_use_anchors_ = true

[node name="SpecialRules" parent="." instance=ExtResource("8_n1qf1")]

[node name="CoreRules" parent="." instance=ExtResource("6_adw35")]
unique_name_in_owner = true

[node name="BG" type="CanvasLayer" parent="."]
layer = -1

[node name="PanelContainer" type="PanelContainer" parent="BG"]
anchors_preset = 15
anchor_right = 1.0
anchor_bottom = 1.0
grow_horizontal = 2
grow_vertical = 2

[node name="TextureRect" type="TextureRect" parent="BG/PanelContainer"]
material = SubResource("ShaderMaterial_vpwwe")
layout_mode = 2
texture = ExtResource("9_1im2y")
expand_mode = 1
stretch_mode = 1

[node name="TextureRect2" type="TextureRect" parent="BG"]
anchors_preset = 5
anchor_left = 0.5
anchor_right = 0.5
offset_left = 380.0
offset_top = 80.0
offset_right = 953.0
offset_bottom = 1254.0
grow_horizontal = 2
scale = Vector2(0.8, 0.8)
texture = ExtResource("3_21o2g")

[node name="TextureRect3" type="TextureRect" parent="BG/TextureRect2"]
layout_mode = 1
anchors_preset = 12
anchor_top = 1.0
anchor_right = 1.0
anchor_bottom = 1.0
offset_top = -1010.0
grow_horizontal = 2
grow_vertical = 0
texture = ExtResource("4_ujlhl")
stretch_mode = 4

[node name="SpeechBubble" type="Label" parent="BG/TextureRect2"]
layout_mode = 1
anchors_preset = 10
anchor_right = 1.0
offset_bottom = 232.0
grow_horizontal = 2
theme_override_colors/font_outline_color = Color(0, 0, 0, 1)
theme_override_constants/outline_size = 10
theme_override_font_sizes/font_size = 40
text = "ao verme que primeiro roeu as frias carnes do meu cadáver, dedico como saudosa lembrança essas memórias póstumas "
horizontal_alignment = 1
vertical_alignment = 1
autowrap_mode = 2

[node name="Button" type="Button" parent="BG"]
offset_left = 354.0
offset_top = 749.0
offset_right = 512.0
offset_bottom = 819.0
text = "Change Turn
"

[node name="IntimacyLevel" type="Label" parent="BG"]
unique_name_in_owner = true
offset_left = 545.0
offset_top = 315.0
offset_right = 674.0
offset_bottom = 363.0
theme = ExtResource("9_r2slo")
text = "INTIMACY"

[node name="WinText" type="Label" parent="BG"]
anchors_preset = 15
anchor_right = 1.0
anchor_bottom = 1.0
grow_horizontal = 2
grow_vertical = 2
theme_override_colors/font_outline_color = Color(0, 0, 0, 1)
theme_override_constants/outline_size = 5
theme_override_font_sizes/font_size = 60
text = "THE QUICK BROWN FOX JUMPS OVER THE LAZY DOG"
horizontal_alignment = 1
vertical_alignment = 1
script = ExtResource("12_ma6kq")

[connection signal="date_turn_started" from="TurnManager" to="Date" method="_on_turn_manager_date_turn_started"]
[connection signal="date_turn_started" from="TurnManager" to="Player" method="_on_turn_manager_date_turn_started"]
[connection signal="player_turn_started" from="TurnManager" to="Date" method="_on_turn_manager_player_turn_started"]
[connection signal="player_turn_started" from="TurnManager" to="Player" method="_on_turn_manager_player_turn_started"]
[connection signal="pressed" from="BG/Button" to="TurnManager" method="_on_button_pressed"]
